@online{DepEngEle,
author = {Departamento de Engenharia Elétrica},
title = {Projeto de Graduação},
url = {http://ele.ufes.br/},
urlaccessdate = {2016-10-27},
year = {2016}
}